<?xml version="1.0" encoding="UTF-8"?><collection xmlns="http://www.loc.gov/MARC21/slim"><record><leader>00354nam--2200133-i-4500</leader><controlfield tag="001">000044926</controlfield><controlfield tag="002">20161230</controlfield><controlfield tag="005">20161230201044</controlfield><controlfield tag="008">060222s1000------------r-----000-0-eng-d</controlfield><datafield ind1=" " ind2=" " tag="080"><subfield code="a">539.163</subfield></datafield><datafield ind1=" " ind2=" " tag="100"><subfield code="a">Thun, J.E. /S.A.</subfield></datafield><datafield ind1=" " ind2=" " tag="245"><subfield code="a">Levels and transition in cs</subfield></datafield><datafield ind1=" " ind2=" " tag="260"><subfield code="a">Uppsala, Institute Of Physics, 1966, 21p. + 11fig., 21p. + 11 Fig</subfield></datafield><datafield ind1=" " ind2=" " tag="852"><subfield code="a">28839</subfield></datafield></record></collection>